% This file was created with JabRef 2.9.2.
% Encoding: Cp1252

@OTHER{gilgenbach2014,
  author = {Gilgenbach, Cara},
  date = {2014.02.11},
  howpublished = {private communication},
  note = {Letter to the Author},
  owner = {wraabe},
  title = {Collections for {DH} class},
  type = {Letter to the Author},
  year = {2014}
}

@ONLINE{MacFarlane2013,
  author = {MacFarlane, John},
  title = {About Pandoc},
  url = {http://johnmacfarlane.net/pandoc/},
  urldate = {2014-03-02},
  journal = {Pandoc: a Universal Document Converter},
  owner = {wraabe},
  timestamp = {2014.03.03},
  type = {Software Project}
}

@ONLINE{RosenzweigCHNM,
  author = {{Roy Rosenzweig Center for History and New Media}},
  title = {Omeka},
  url = {https://omeka.org/},
  urldate = {2014-03-02},
  __markedentry = {[wraabe:]},
  owner = {wraabe},
  timestamp = {2014.03.03},
  type = {Software Project}
}

@ONLINE{syllabizotero,
  author = {Sample, Mark and Cordell, Ryan and French, Amanda and Harris, Katherine},
  title = {Syllabi},
  url = {https://www.zotero.org/groups/digital_humanities/items},
  urldate = {2014-02-28},
  authortype = {collaborator},
  owner = {wraabe},
  timestamp = {2014.03.02},
  titleaddon = {Zotero {\textbar} Groups {\textbar} Digital Humanities {\textbar}
	Library}
}

@ONLINE{spiroknowing2011,
  author = {Spiro, Lisa},
  title = {Knowing and Doing: Understanding the Digital Humanities Curriculum
	(June 2011)},
  url = {http://digitalscholarship.files.wordpress.com/2011/06/spirodheducationpresentation2011-4.pdf},
  urldate = {2014-02-28},
  titleaddon = {Digital Scholarship},
  type = {Slides}
}


@ONLINE{TheLaTeX3Project2014,
  author = {{The LaTeX3 Project}},
  title = {LaTeX--A Document Preparation System},
  url = {http://www.latex-project.org/},
  urldate = {2014-03-02},
  owner = {wraabe},
  timestamp = {2014.03.03},
  type = {Software Project}
}

@BOOK{siemens_companion_2007,
  title = {A companion to digital literary studies},
  publisher = {Blackwell Pub},
  number = {50},
  series = {Blackwell companions to literature and culture},
  date = {2007},
  editora = {Siemens, Raymond George and Schreibman, Susan},
  editoratype = {collaborator},
  isbn = {9781405148641},
  keywords = {Computer network resources, Digital libraries, Electronic publications,
	Hypertext systems, Literature, Literature and the Internet},
  location = {Malden, {MA}},
  pagetotal = {620},
  url = {http://kentlink.kent.edu/record=b3240794~S1}
}

